@electronic{ref:twitter_stats,
    title = twitter_stats,
    howpublished = "Disponível em: https://www.omnicoreagency.com/twitter-statistics/,
    Acesso em: 17-04-2018",
    url = {https://www.omnicoreagency.com/twitter-statistics/}
}

@electronic{ref:statista,
    title = Statista_Digital_Market_Outlook,
    howpublished = "Disponível em: https://www.statista.com/outlook/digital-markets,
    Acesso em: 17-04-2018",
    url = {https://www.statista.com/outlook/digital-markets}
}

@inproceedings{abowd1999towards,
  title={Towards a better understanding of context and context-awareness},
  author={Abowd, Gregory D and Dey, Anind K and Brown, Peter J and Davies, Nigel and Smith, Mark and Steggles, Pete},
  booktitle={International Symposium on Handheld and Ubiquitous Computing},
  pages={304--307},
  year={1999},
  organization={Springer}
}

@article{weiser1991computer,
  title={The Computer for the 21 st Century},
  author={Weiser, Mark},
  journal={Scientific american},
  volume={265},
  number={3},
  pages={94--105},
  year={1991},
  publisher={JSTOR}
}

@article{perera2014context,
  title={Context aware computing for the internet of things: A survey},
  author={Perera, Charith and Zaslavsky, Arkady and Christen, Peter and Georgakopoulos, Dimitrios},
  journal={IEEE communications surveys \& tutorials},
  volume={16},
  number={1},
  pages={414--454},
  year={2014},
  publisher={IEEE}
}

@article{vianna2015busca,
  title={EM BUSCA DO TEMPO PERDIDO\&58; UMA ESTIMATIVA DO PRODUTO PERDIDO EM TR{\^A}NSITO NO BRASIL},
  author={Vianna, Guilherme Szczerbacki Besserman and Young, Carlos Eduardo Frickmann},
  journal={Revista de Economia Contempor{\^a}nea},
  volume={19},
  number={3},
  pages={403--416},
  year={2015},
  publisher={Directory of Open Access Journals}
}

@electronic{ref:port_its,
    title = port_its,
    howpublished = "Disponível em: http://www.its-portugal.com/its,
    Acesso em: 28-06-2018",
    url = {http://www.its-portugal.com/its}
}

@inproceedings{gomide2011dengue,
  title={Dengue surveillance based on a computational model of spatio-temporal locality of Twitter},
  author={Gomide, Jana{\'\i}na and Veloso, Adriano and Meira Jr, Wagner and Almeida, Virg{\'\i}lio and Benevenuto, Fabr{\'\i}cio and Ferraz, Fernanda and Teixeira, Mauro},
  booktitle={Proceedings of the 3rd international web science conference},
  pages={3},
  year={2011},
  organization={ACM}
}

@article{bollen2011twitter,
  title={Twitter mood predicts the stock market},
  author={Bollen, Johan and Mao, Huina and Zeng, Xiaojun},
  journal={Journal of computational science},
  volume={2},
  number={1},
  pages={1--8},
  year={2011},
  publisher={Elsevier}
}

@inproceedings{silva2014you,
  title={You Are What You Eat (and Drink): Identifying Cultural Boundaries by Analyzing Food and Drink Habits in Foursquare.},
  author={Silva, Thiago H and de Melo, Pedro OS Vaz and Almeida, Jussara M and Musolesi, Mirco and Loureiro, Antonio AF},
  year={2014}
}

@inproceedings{sakaki2010earthquake,
  title={Earthquake shakes Twitter users: real-time event detection by social sensors},
  author={Sakaki, Takeshi and Okazaki, Makoto and Matsuo, Yutaka},
  booktitle={Proceedings of the 19th international conference on World wide web},
  pages={851--860},
  year={2010},
  organization={ACM}
}

@inproceedings{ribeiro2014studying,
  title={Studying traffic conditions by analyzing foursquare and instagram data},
  author={Ribeiro, Anna Izabel Jo{\~a}o Tostes and Silva, Thiago Henrique and Duarte-Figueiredo, F{\'a}tima and Loureiro, Antonio AF},
  booktitle={Proceedings of the 11th ACM symposium on Performance evaluation of wireless ad hoc, sensor, \& ubiquitous networks},
  pages={17--24},
  year={2014},
  organization={ACM}
}

@article{ANTENOR2010,
   title = {{Trânsito e aumento da frota de veículos tornam vulneráveis a saúde nas cidades}},
   journal = {{Ciência e Cultura}},
   author={Antenor, Samuel, Andrade, Rodrigo de Oliveira, Machado-Filho, Moysés Floriano},
   language = {pt},
   URL = {http://cienciaecultura.bvs.br/scielo.php?script=sci_arttext&pid=S0009-67252010000400004&nrm=iso},
   volume = {62},
   year = {2010},
   month = {10},
   pages = {8 - 10},
   publisher = {scielocec}
   }

@article{NASSAR2017,
   title = {teste},
   journal = {{urbe. Revista Brasileira de Gestao Urbana}},
   author={Nassar, Victor AND Vieira, Milton Luiz Horn},
   ISSN = {2175-3369},
   language = {pt},
   URL = {http://www.scielo.br/scielo.php?script=sci_arttext&pid=S2175-33692017000200327&nrm=iso},
   volume = {9},
   year = {2017},
   month = {08},
   pages = {327 - 340},
   publisher = {scielo}
   }
   
   @INPROCEEDINGS{165839,
    AUTHOR="Felipe Domingos da Cunha and Guilherme Maia and Clayson Celes and Daniel Guidoni and Fernanda de Souza and Heitor Ramos and Leandro Villas",
    TITLE="Sistemas de Transporte Inteligentes: Conceitos, Aplicações e Desafios",
    BOOKTITLE="SBRC 2017 - Minicursos () ",
    MONTH="may",
    YEAR="2017",
    URL="http://XXXXX/165839.pdf"
}